%=============== A-C ===============%
@article{AndersenBroadie,
 author = {Leif Andersen and Mark Broadie},
 journal = {Management Science},
 number = {9},
 pages = {1222--1234},
 publisher = {INFORMS},
 title = {Primal-Dual Simulation Algorithm for Pricing Multidimensional American Options},
 volume = {50},
 year = {2004}
}

@article{Barles,
  title={CRITICAL STOCK PRICE NEAR EXPIRATION},
  author={Guy Barles and Julie Burdeau and Marc Romano and Nicolas Samsoen},
  journal={Mathematical Finance},
  year={1995},
  volume={5},
  pages={77-95}
}

@article{Becker1,
  author  = {Sebastian Becker and Patrick Cheridito and Arnulf Jentzen},
  title   = {Deep Optimal Stopping},
  journal = {Journal of Machine Learning Research},
  year    = {2019},
  volume  = {20},
  number  = {74},
  pages   = {1-25},
}

@article{Becker2,
  title={Solving high-dimensional optimal stopping problems using deep learning},
  author={Becker, Sebastian and Cheridito, Patrick and Jentzen, Arnulf and Welti, Timo},
  journal={European Journal of Applied Mathematics},
  volume={32},
  number={3},
  pages={470--514},
  year={2021}
}


@article{Bensoussan,
author = {Bensoussan, Alain},
year = {1984},
month = {06},
pages = {139-158},
title = {On The Theory of Option Pricing},
volume = {2},
journal = {Acta Applicandae Mathematicae},
doi = {10.1007/BF00046576}
}

@article{BS,
 author = {Fischer Black and Myron Scholes},
 journal = {Journal of Political Economy},
 number = {3},
 pages = {637--654},
 publisher = {University of Chicago Press},
 title = {The Pricing of Options and Corporate Liabilities},
 volume = {81},
 year = {1973}
}

@article{BroadieCao,
author = {Broadie, Mark and Cao, Menghui},
year = {2008},
month = {12},
pages = {845-861},
title = {Improved lower and upper bound algorithms for pricing American options by simulation},
volume = {8},
journal = {Quantitative Finance},
publisher = {Routledge}
}

@article{BroadieDetemple,
  title={The Valuation of American Options on Multiple Assets},
  author={Mark Broadie and J{\'e}r{\^o}me Detemple},
  journal={Mathematical Finance},
  year={1997},
  volume={7},
  pages={241-286}
}

@article{BroadieGlasserman,
  title={A stochastic mesh method for pricing high-dimensional American options},
  author={Mark Broadie and Paul Glasserman},
  note={Technical Report, Graduate School of Business, Columbia University},
  year={1997}
}

@article{Carmona,
 author = {René Carmona and Valdo Durrleman},
 journal = {SIAM Review},
 number = {4},
 pages = {627--685},
 publisher = {Society for Industrial and Applied Mathematics},
 title = {Pricing and Hedging Spread Options},
 volume = {45},
 year = {2003}
}

@article{Conze,
 author = {Antoine Conze and Viswanathan},
 journal = {The Journal of Finance},
 number = {5},
 pages = {1893--1907},
 publisher = {[American Finance Association, Wiley]},
 title = {Path Dependent Options: The Case of Lookback Options},
 volume = {46},
 year = {1991}
}


@article{Costantini,
author = {Costantini, Cristina and Gobet, Emmanuel and El Karoui, Nicole},
year = {2006},
month = {01},
pages = {159-187},
title = {Boundary Sensitivities for Diffusion Processes in Time Dependent Domains},
volume = {54},
journal = {Applied Mathematics and Optimization}
}

@article{Cybenko,
  title={Approximation by superpositions of a sigmoidal function},
  author={George V. Cybenko},
  journal={Mathematics of Control, Signals and Systems},
  year={1989},
  volume={2},
  pages={303-314}
}

%=============== D-F ===============%

@article{DaiKwok,
 ISSN = {00361399},
 author = {Min Dai and Yue Kuen Kwok},
 journal = {SIAM Journal on Applied Mathematics},
 number = {1},
 pages = {206--227},
 publisher = {Society for Industrial and Applied Mathematics},
 title = {American Options with Lookback Payoff},
 volume = {66},
 year = {2005}
}


@book{DetempleBook,
  title={American-Style Derivatives: Valuation and Computation},
  author={Detemple, J.},
  isbn={9781420034868},
  lccn={2005052861},
  series={Chapman and Hall/CRC Financial Mathematics Series},
  year={2005},
  publisher={CRC Press}
}

@article{DetempleMin,
 ISSN = {10505164},
 author = {Jerome Detemple and Shui Feng and Weidong Tian},
 journal = {The Annals of Applied Probability},
 number = {3},
 pages = {953--983},
 publisher = {Institute of Mathematical Statistics},
 title = {The Valuation of American Call Options on the Minimum of Two Dividend-Paying Assets},
 volume = {13},
 year = {2003}
}

%=============== G-J ===============%
@Article{Garcia,
  author={Garcia, Diego},
  title={{Convergence and Biases of Monte Carlo estimates of American option prices using a parametric exercise rule}},
  journal={Journal of Economic Dynamics and Control},
  year=2003,
  volume={27},
  number={10},
  pages={1855-1879},
  month={August},
  keywords={},
  doi={},
  abstract={No abstract is available for this item.}
}

@article{Germain,
author = {Germain, Maximilien and Pham, Huyên and Warin, Xavier},
title = {Approximation Error Analysis of Some Deep Backward Schemes for Nonlinear PDEs},
journal = {SIAM Journal on Scientific Computing},
volume = {44},
number = {1},
pages = {A28-A56},
year = {2022},
doi = {10.1137/20M1355355}
}

@book{Guyon,
  title={Nonlinear Option Pricing},
  author={Guyon, J. and Henry-Labordère, P.},
  isbn={9781466570344},
  lccn={2012286518},
  series={Chapman and Hall/CRC Financial Mathematics Series},
  year={2013},
  publisher={CRC Press}
}

@article{HanE,
author = {Han, Jiequn and E, Weinan},
year = {2016},
month = {11},
pages = {},
title = {Deep Learning Approximation for Stochastic Control Problems}, 
notes = {In \textit{Deep Reinforcement Learning Workshop}}, 
journal = {NIPS}
}

@article {HanJentzenE,
	author = {Han, Jiequn and Jentzen, Arnulf and E, Weinan},
	title = {Solving high-dimensional partial differential equations using deep learning},
	volume = {115},
	number = {34},
	pages = {8505--8510},
	year = {2018},
	doi = {10.1073/pnas.1718942115},
	publisher = {National Academy of Sciences},
	issn = {0027-8424},
	journal = {Proceedings of the National Academy of Sciences}
}

@article{Hornik,
title = {Approximation capabilities of multilayer feedforward networks},
journal = {Neural Networks},
volume = {4},
number = {2},
pages = {251-257},
year = {1991},
issn = {0893-6080},
author = {Kurt Hornik}
}

@book{Hull, 
author = {Hull, John C.},
title = {Options, Futures and Other Derivatives},
year = {2012} , 
 notes = {8th Edition},
 publisher ={Prentice-Hall, Upper Saddle River}
 }

@article{JLL,
author = {Jaillet, Patrick and Lamberton, Damien and Lapeyre, Bernard},
year = {1990},
month = {12},
pages = {263-289},
title = {Variational Inequalities and the Pricing of American Options},
volume = {21},
journal = {Acta Applicandae Mathematicae},
doi = {10.1007/BF00047211}
}

%=============== K-N ===============%

@article{Karatzas,
author = {Karatzas, Ioannis},
title = {On the Pricing of American Options},
year = {1988},
issue_date = {January   1988},
publisher = {Springer-Verlag},
address = {Berlin, Heidelberg},
volume = {17},
number = {1},
issn = {0095-4616},
journal = {Appl. Math. Optim.},
pages = {37–60},
numpages = {24}
}%doi = {10.1007/BF01448358},

@article{Kim,
 ISSN = {08939454, 14657368},
 author = {In Joon Kim},
 journal = {The Review of Financial Studies},
 number = {4},
 pages = {547--572},
 publisher = {[Oxford University Press, Society for Financial Studies]},
 title = {The Analytic Valuation of American Options},
 volume = {3},
 year = {1990}
}

@article{Kingma,
author = {Kingma, D., and Ba, J. Adam},
year = {2015},
title = {Adam: a method for stochastic optimization},
journal = {Proceedings of the International Conference on Learning Representations (ICLR)}
}

@article{Kohler,
author = {Kohler, Michael and Krzyżak, Adam and Todorovic, Nebojsa},
year = {2008},
month = {08},
pages = {},
title = {Pricing of High-Dimensional American Options by Neural Networks},
volume = {20},
journal = {Mathematical Finance},
doi = {10.1111/j.1467-9965.2010.00404.x}
}

@article{KP,
  title={Numerical Solution of Stochastic Differential Equations},
  author={Kloeden, Peter and Platen,Eckhard},
  year={1992},
  journal={Springer Berlin}
}

@article{Kuske,
author = { Rachel A.   Kuske  and  Joseph B.   Keller },
title = {Optimal exercise boundary for an American put option},
journal = {Applied Mathematical Finance},
volume = {5},
number = {2},
pages = {107-116},
year  = {1998},
publisher = {Routledge}
}
}

@article{LambertonHeston,
      title={Properties of the {A}merican price function in the {H}eston-type models}, 
      author={Damien Lamberton and Giulia Terenzi},
      year={2019},
      journal={arXiv:1904.01653}
}

@article{Laurence,
  title={REGULARITY OF THE FREE BOUNDARY OF AN {A}MERICAN OPTION ON SEVERAL ASSETS},
  author={Peter Laurence and Sandro Salsa},
  journal={Communications on Pure and Applied Mathematics},
  year={2009},
  volume={62},
  pages={969-994}
}

@article {Little,
	author = {Little, Thomas},
	title = {The Free Boundary For The American Put Option},
	elocation-id = {jod.2020.1.114},
	year = {2020},
	publisher = {Institutional Investor Journals Umbrella},
	issn = {1074-1240},
	journal = {The Journal of Derivatives}
}%doi = {10.3905/jod.2020.1.114},


@article{LSMC,
  title={Valuing American Options by Simulation: A Simple Least-Squares Approach},
  author={F. Longstaff and Eduardo S. Schwartz},
  journal={The Finance},
  year={2001}
}

@article{Margrabe,
 author = {William Margrabe},
 journal = {The Journal of Finance},
 number = {1},
 pages = {177--186},
 publisher = {[American Finance Association, Wiley]},
 title = {The Value of an Option to Exchange One Asset for Another},
 volume = {33},
 year = {1978}
}

@article{mcKean,
author={McKean, Henry P.},
year={1965},
month={Spring},
title={Appendix: A Free Boundary Problem for the Heat Equation Arising from a Problem in Mathematical Economics},
journal={Industrial Management Review},
volume={6},
number={2},
pages={32},
keywords={Business/Management},
isbn={0884-8211},
}

@article{Merton,
 ISSN = {00058556},
 author = {Robert C. Merton},
 journal = {The Bell Journal of Economics and Management Science},
 number = {1},
 pages = {141--183},
 publisher = {[Wiley, RAND Corporation]},
 title = {Theory of Rational Option Pricing},
 volume = {4},
 year = {1973}
}


%=============== O-R ===============%
@article{PeskirShiryaev,
author = {Peskir, G. and Shiryaev, A.},
year = {2006},
chapter = {1},
title = {Optimal Stopping and Free-Boundary Problems},
journal = {Basel: Birkhäuser Verlag}
}

@article{PhamConv,
author = {Huré, Côme and Pham, Huyên and Bachouch, Achref and Langrené, Nicolas},
title = {Deep Neural Networks Algorithms for Stochastic Control Problems on Finite Horizon: Convergence Analysis},
journal = {SIAM Journal on Numerical Analysis},
volume = {59},
number = {1},
pages = {525-557},
year = {2021}
}

@Article{PhamNum,
  author={Achref Bachouch and Côme Huré and Nicolas Langrené and Huyên Pham},
  title={{Deep Neural Networks Algorithms for Stochastic Control Problems on Finite Horizon: Numerical Applications}},
  journal={Methodology and Computing in Applied Probability},
  year=2022,
  volume={24},
  number={1},
  pages={143-178},
  month={March}
}

@article{ReppenSoner,
      title={Bias-Variance Trade-off and Overlearning in Dynamic Decision Problems}, 
      author={A. Max Reppen and H. Mete Soner},
      year={2021},
      journal={arXiv:2011.09349}
}

@article{ReppenSonerTissot,
      title={Deep Stochastic Optimization in Finance}, 
      author={A. Max Reppen and H. Mete Soner and Valentin Tissot-Daguette},
      year={2022},
      note = {Forthcoming}
}

%=============== S-U ===============%
@article{Schwartz,
title = {The valuation of warrants: Implementing a new approach},
author = {Eduardo S. Schwartz},
journal = {Journal of Financial Economics},
volume = {4},
number = {1},
pages = {79-93},
year = {1977},
issn = {0304-405X}
}

%=============== V-Z ===============%
@article{VB,
  title={On optimal stopping and free boundary problems},
  author={Pierre van Moerbeke},
  journal={Archive for Rational Mechanics and Analysis},
  year={1976},
  volume={60},
  pages={101-148}
}

@article{Warin,
  title={Variance optimal hedging with application to electricity markets},
  author={Warin, Xavier},
  journal={Journal of Computational Finance},
    volume={23},
    number={3},
      pages={33--59},
  year={2019}
}

@article{ZZZ,
 author = {Tie Zhang and Shuhua Zhang and Danmei Zhu},
 journal = {Journal of Computational Mathematics},
 number = {4},
 pages = {484--494},
 publisher = {Institute of Computational Mathematics and Scientific/Engineering Computing},
 title = {FINITE DIFFERENCE APPROXIMATION FOR PRICING THE AMERICAN LOOKBACK OPTION},
 volume = {27},
 year = {2009}
}
