%=============== A-C ===============%

@article{Clark,
author = {J. M. C. Clark},
title = {{The Representation of Functionals of Brownian Motion by Stochastic Integrals}},
volume = {41},
journal = {The Annals of Mathematical Statistics},
number = {4},
publisher = {Institute of Mathematical Statistics},
pages = {1282 -- 1295},
year = {1970},
doi = {10.1214/aoms/1177696903}
}


@article{Crisan,
  title={Cubature methods and applications. },
  author={Crisan, Dan and Manolarakis, Konstantinos and Nee, Colm},
  isbn={9783319004136},
  year = {2013},
  journal = {Paris-Princeton Lectures on Mathematical Finance 2013},
  pages= {203-316},
  series={Lecture Notes in Mathematics},
  publisher={Springer International Publishing}
}

%=============== D-F ===============%
@article{DiNunno,
author = {Di Nunno, Giulia and Øksendal, Bernt and Fran Proske},
title = {\normal{Malliavin Calculus for Lévy Processes with Application to Finance}},
journal = {Springer}, 
year = {2009}
}

@article{Dupire,
author = {Bruno Dupire},
title = {\textnormal{Functional Itô calculus}},
journal = {SSRN},
year  = {2009},
note={Republished in \textit{Quantitative Finance, 19(5):721–729, 2019}}
}

%=============== G-J ===============%
@inproceedings{Ghanem,
  title={Stochastic Finite Elements: A Spectral Approach},
  journal = {Springer, New York, NY},
  author={Roger Ghanem and Pol Spanos},
  year={1991}
}

@article{Hao,
      title={Learning from the past, predicting the statistics for the future, learning an evolving system}, 
      author={Daniel Levin and Terry Lyons and Hao Ni},
      year={2016},
      journal={arXiv preprint:1309.0260}
}

@book{IkedaWatanabe,
author = {Nobuyuki Ikeda and Shinzo Watanabe},
title = {Stochastic Differential Equations and Diffusion Processes},
series = {North-Holland Mathematical Library},
publisher = {Elsevier},
volume = {24},
pages = {233-351},
year = {1981},
issn = {0924-6509}
}

@article{Jazaerli,
  title={Functional {Itô} Calculus, Path-dependence and the Computation of Greeks},
  author={Samy Jazaerli and Yuri F. Saporito},
  journal={Stochastic Processes and their Applications},
  year={2017},
  number = {12},
  volume={127},
  pages={3997-4028}
}

%=============== K-N ===============%

@book{kallenberg,
  title={Foundations of Modern Probability},
  author={Kallenberg, Olav},
  series={Probability and Its Applications},
  year={2002},
  publisher={Springer New York}
}

@article{KP,
  title={Numerical Solution of Stochastic Differential Equations},
  author={Kloeden, Peter and Platen,Eckhard},
  year={1992},
  journal={Springer Berlin}
}

@article{LittererOberhauser,
title = "On a {Chen-Fliess} approximation for diffusion functionals",
author = "Christian Litterer and Harald Oberhauser",
year = "2014",
volume = "175",
pages = "577--593",
journal = "Monatshefte fur Mathematik",
publisher = "Springer Wien",
number = "4",
}

@article{Loeve,
title={Fonctions al\'eatoires du second Ordre},
author = {Lo\`eve, Michel},
note = {Supplement
to  "Processus Stochastique et Mouvement Brownien" from Paul L\'evy.},
journal = {Gauthier Villars},
year = {1948}
}

@article{LyonsNum,
  title={Numerical method for model-free pricing of exotic derivatives using rough path signatures},
  author={Terry J. Lyons and Sina Nejad and Imanol Perez Arribas},
  journal={Applied Mathematical Finance},
  year={2019},
  volume = {26},
  number = {6},
pages = {583-597},
}

@article{LyonsVictoir,
 ISSN = {13645021},
 author = {Terry Lyons and Nicolas Victoir},
 journal = {Proceedings: Mathematical, Physical and Engineering Sciences},
 number = {2041},
 pages = {169--198},
 publisher = {The Royal Society},
 title = {Cubature on Wiener Space},
 volume = {460},
 year = {2004}
}

@article{Maruyama,
  title={Continuous Markov processes and stochastic equations},
  author={Gisir{\^o} Maruyama},
  journal={Rendiconti del Circolo Matematico di Palermo},
  year={1955},
  volume={4},
  pages={48-90}
}

@book{Nualart,
  title={The Malliavin Calculus and Related Topics},
  author={Nualart, D.},
  isbn={9783540814320},
  series={Probability and Its Applications},
  year={2009},
  publisher={Springer Berlin Heidelberg}
}

%=============== O-R ===============%

@article{Oberhauser,
      title={An extension of the functional Ito formula under a family of non-dominated measures}, 
      author={Harald Oberhauser},
      year={2012},
      journal = {arXiv:1212.1414}
}

@article{Ocone,
author = { Daniel   Ocone },
title = {Malliavin's calculus and stochastic integral representations of functional of diffusion processes},
journal = {Stochastics},
volume = {12},
number = {3-4},
pages = {161-185},
year  = {1984},
publisher = {Taylor & Francis},
doi = {10.1080/17442508408833299}
}
}

@book{Oksendal,
  title={Malliavin Calculus for L{\'e}vy Processes with Applications to Finance},
  author={Di Nunno, G. and {\O}ksendal, B. and Proske, F.},
  series={Universitext},
  year={2008},
  publisher={Springer Berlin Heidelberg}
}

@article{PalmPoggio,
author = {Palm, G. and Poggio, Tomaso},
year = {1977},
month = {09},
pages = {},
title = {The Volterra Representation and the Wiener Expansion: Validity and Pitfalls},
volume = {33},
journal = {Siam Journal on Applied Mathematics - SIAMAM},
doi = {10.1137/0133012}
}

@article{Ree,
  title={Lie Elements and an Algebra Associated With Shuffles},
  author={Rimhak Ree},
  journal={Annals of Mathematics},
  year={1958},
  volume={68},
  pages={210}
}

%=============== S-U ===============%
@article{Skorokhod,
  title={On a generalization of the stochastic integral},
  author={Anatoli V. Skorokhod},
  year={1975},
  journal = {Theory of Probability and its Application},
volume={20},
number={2}
}

@article{Stroock,
author = {Stroock, Daniel W.},
title = {Homogeneous chaos revisited}, 
journal = {Séminaire de probabilités de Strasbourg},
volume = {21}, 
year={1987},
pages={1-7}
}

@article{Szego,
author = {G. Szegö},
title = {Orthogonal polynomials},
journal = {American Mathematical Society}, 
note = {Fourth
edition},
year = {1975}, 
volume = {XXII}
}

@article{Szpruch,
      title={{Sig-SDEs} model for quantitative finance}, 
      author={Imanol Perez Arribas and Cristopher Salvi and Lukasz Szpruch},
      journal={arXiv:2006.00218},
      year={2020}
}

@article{Tissot,
      title={Projection of Functionals and Fast Pricing of Exotic Options}, 
      author={Valentin Tissot-Daguette},
      year={2021},
      journal={arXiv:2111.03713}
}

%=============== V-Z ===============%

@book{Volterra,
  title={Theory of Functionals and of Integral and Integro-differential Equations},
  author={Volterra, Vito},
  year={1944},
  publisher={Blackie and Son Limited}
}
