%=============== A-C ===============%
@book{Acworth,
author="Acworth, Peter A.
and Broadie, Mark
and Glasserman, Paul",
title="A Comparison of Some Monte Carlo and Quasi Monte Carlo Techniques for Option Pricing",
booktitle="Monte Carlo and Quasi-Monte Carlo Methods 1996",
year="1998",
publisher="Springer New York",
address="New York, NY",
pages="1--18"
}

@article{Benichou,
  title = {Temporal Correlations of the Running Maximum of a Brownian Trajectory},
  author = {B\'enichou, Olivier and Krapivsky, P. L. and Mej\'{\i}a-Monasterio, Carlos and Oshanin, Gleb},
  journal = {Phys. Rev. Lett.},
  volume = {117},
  issue = {8},
  pages = {080601},
  numpages = {5},
  year = {2016},
  month = {Aug},
  publisher = {American Physical Society}
}

@misc{Brown,
      title={On the expected uniform error of geometric Brownian motion approximated by the L\'evy-Ciesielski construction}, 
      author={Bruce Brown and Michael Griebel and Frances Y. Kuo and Ian H. Sloan},
      year={2017},
      archivePrefix={arXiv},
      primaryClass={math.NA}
}

@article{Carr,
  title={Option valuation using the fast Fourier transform},
  author={Peter Carr and Dilip Madan},
  journal={Journal of Computational Finance},
  year={1999},
  volume={2},
  pages={61-73}
}

@article{CRR,
author = {John C. Cox and Stephen A. Ross and Mark Rubinstein},
title = {Option pricing: A simplified approach},
journal = {Journal of Financial Economics},
volume = {7},
number = {3},
pages = {229-263},
year = {1979},
issn = {0304-405X}
}

%=============== D-F ===============%
@book{Devroye,
  author = {Devroye, Luc},
  description = {Non-Uniform Random Variate Generation},
  keywords = {algorithms generation random simulation},
  location = {New York},
  publisher = {Springer-Verlag},
  title = {Non-Uniform Random Variate Generation},
  year = {1986}
}

@article{Foster,
  title={An Optimal Polynomial Approximation of Brownian Motion},
  author={James Foster and Terry Lyons and Harald Oberhauser},
  journal={SIAM J. Numer. Anal.},
  year={2020},
  volume={58},
  pages={1393-1421}
}

%=============== G-J ===============%
@article{Geng,
author = {Geng, Xi},
title = {Reconstruction for the signature of a rough path},
journal = {Proceedings of the London Mathematical Society},
volume = {114},
number = {3},
pages = {495-526},
year = {2017}
}

@book{Ghanem,
  title={Stochastic Finite Elements: A Spectral Approach},
  publisher = {Springer, New York, NY},
  author={Roger Ghanem and Pol Spanos},
  year={1991}
}

@article{Hambly,
   title={Uniqueness for the signature of a path of bounded variation and the reduced path group},
   volume={171},
   number={1},
   journal={Annals of Mathematics},
   publisher={Annals of Mathematics, Princeton U},
   author={Hambly, Ben and Lyons, Terry},
   year={2010},
   month={Mar},
   pages={109–167}
}

@article{HyndmanFan,
 ISSN = {00031305},
 author = {Rob J. Hyndman and Yanan Fan},
 journal = {The American Statistician},
 number = {4},
 pages = {361--365},
 publisher = {[American Statistical Association, Taylor & Francis, Ltd.]},
 title = {Sample Quantiles in Statistical Packages},
 volume = {50},
 year = {1996}
}

@article{Hull,
author = {Cao, Jay and Chen, Jacky and Hull, John C. and Poulos, Zissis},
title = {Deep Learning for Exotic Option Valuation},
journal = {SSRN},
year= {2021}
}

%=============== K-N ===============%
@article{Karhunen,
title = {\textnormal{Über lineare Methoden in der Wahrscheinlichkeitsrechnung}},
author = {Kari Karhunen}, 
journal = {Annales Academiae scientiarum Fennicae}, 
year = {1947},
volume = {37}
}

@article{LittererOberhauser,
title = "On a {Chen-Fliess} approximation for diffusion functionals",
author = "Christian Litterer and Harald Oberhauser",
year = "2014",
volume = "175",
pages = "577--593",
journal = "Monatshefte fur Mathematik",
publisher = "Springer Wien",
number = "4",
}

@book{Lyons,
author = "Lyons, Terry J. and Michael Caruana and Thierry Lévy", 
title = "Differential Equations Driven by Rough Paths",
publisher = "Berlin: Springer", 
year = "2007", 
journal = "École D'été De Probabilités De Saint-flour XXXIV-2004"
}

@article{LyonsNum,
  title={Numerical method for model-free pricing of exotic derivatives using rough path signatures},
  author={Terry J. Lyons and Sina Nejad and Imanol Perez Arribas},
  journal={Applied Mathematical Finance},
  year={2019},
  volume = {26},
  number = {6},
pages = {583-597}
}

@article{Loeve,
title={Fonctions al\'eatoires du second Ordre},
author = {Lo\`eve, Michel},
note = {Supplement
to  "Processus Stochastique et Mouvement Brownien" from Paul L\'evy.},
journal = {Gauthier Villars},
year = {1948}
}

@article{Mercer,
 ISSN = {02643952},
 author = {J. Mercer},
 journal = {Philosophical Transactions of the Royal Society of London.},
 number = {},
 pages = {415--446},
 publisher = {The Royal Society},
 title = {Functions of Positive and Negative Type, and their Connection with the Theory of Integral Equations},
 volume = {209},
 year = {1909}
}


%=============== O-R ===============%

@book{reinhardt,
author = {Reinhardt, H. J.},
address = {New York},
booktitle = {Analysis of approximation methods for differential and integral equations},
publisher = {Springer-Verlag},
series = {Applied mathematical sciences ; v. 57},
year = {1985},
title = {Analysis of approximation methods for differential and integral equations},
}
%=============== S-U ===============%

@article{Schwartz,
title = {The valuation of warrants: Implementing a new approach},
author = {Eduardo S. Schwartz},
journal = {Journal of Financial Economics},
volume = {4},
number = {1},
pages = {79-93},
year = {1977},
issn = {0304-405X}
}

@article{Solin,
author = {Solin, Arno and Särkkä, Simo},
year = {2020},
month = {03},
pages = {},
title = {Hilbert Space Methods for Reduced-Rank Gaussian Process Regression},
volume = {30},
journal = {Statistics and Computing}
}

@misc{Szpruch,
      title = {\textnormal{Sig-SDEs model for quantitative finance}}, 
      author={Imanol Perez Arribas and Cristopher Salvi and Lukasz Szpruch},
      year={2020},
      eprint={2006.00218},
      archivePrefix={arXiv}
}

@article{Szego,
author = {G. Szegö},
title = {Orthogonal polynomials},
journal = {American Mathematical Society}, 
note = {Fourth
edition},
year = {1975}, 
volume = {XXII}
}

%=============== V-Z ===============%


